@book{bayer1982division,
  title={The division algorithm and the Hilbert scheme},
  author={Bayer, David Allen},
  year={1982},
  publisher={Harvard University}
}

@book{adams2022introduction,
  title={An introduction to Gr{\"o}bner bases},
  author={Adams, William W and Loustaunau, Philippe},
  volume={3},
  year={2022},
  publisher={American Mathematical Society}
}

@book{decker2013first,
  title={A first course in computational algebraic geometry},
  author={Decker, Wolfram and Pfister, Gerhard},
  year={2013},
  publisher={Cambridge University Press}
}

@article{arnold2010grobner,
  title={Gr{\"o}bner basis representations of sudoku},
  author={Arnold, Elizabeth and Lucas, Stephen and Taalman, Laura},
  journal={The College Mathematics Journal},
  volume={41},
  number={2},
  pages={101--112},
  year={2010},
  publisher={Taylor \& Francis}
}

@inproceedings{simonis2005sudoku,
  title={Sudoku as a constraint problem},
  author={Simonis, Helmut},
  booktitle={CP Workshop on modeling and reformulating Constraint Satisfaction Problems},
  volume={12},
  pages={13--27},
  year={2005},
  organization={Citeseer}
}

@article{bartlett2008integer,
  title={An integer programming model for the Sudoku problem},
  author={Bartlett, Andrew and Chartier, Timothy P and Langville, Amy N and Rankin, Timothy D},
  journal={Journal of Online Mathematics and its Applications},
  volume={8},
  number={1},
  year={2008}
}

@inproceedings{ist2006sudoku,
  title={Sudoku as a SAT Problem},
  author={Ist, Ines Lynce and Lynce, In{\^e}s and Ouaknine, Jo{\"e}l},
  booktitle={Proceedings of the International Symposium on Artificial Intelligence and Mathematics (AIMATH)},
  pages={1--9},
  year={2006}
}

@article{haythorpe2016reducing,
  title={Reducing the generalised Sudoku problem to the Hamiltonian cycle problem},
  author={Haythorpe, Michael},
  journal={AKCE International Journal of Graphs and Combinatorics},
  volume={13},
  number={3},
  pages={272--282},
  year={2016},
  publisher={Elsevier}
}

@inproceedings{bernasconi1997computing,
  title={Computing Groebner Bases in the Boolean Setting with Applications to Counting.},
  author={Bernasconi, Anna and Codenotti, Bruno and Crespi, Valentino and Resta, Giovanni},
  booktitle={WAE},
  pages={209--218},
  year={1997}
}

@inproceedings{sato2008computation,
  title={On the computation of elimination ideals of boolean polynomial rings},
  author={Sato, Yosuke and Nagai, Akira and Inoue, Shutaro},
  booktitle={Computer Mathematics: 8th Asian Symposium, ASCM 2007, Singapore, December 15-17, 2007. Revised and Invited Papers},
  pages={334--348},
  year={2008},
  organization={Springer}
}

@book{cox2013ideals,
  title={Ideals, varieties, and algorithms: an introduction to computational algebraic geometry and commutative algebra},
  author={Cox, David and Little, John and OShea, Donal},
  year={2013},
  publisher={Springer Science \& Business Media}
}

@article{herzberg2007sudoku,
  title={Sudoku squares and chromatic polynomials},
  author={Herzberg, Agnes M and Murty, M Ram},
  journal={Notices of the AMS},
  volume={54},
  number={6},
  pages={708--717},
  year={2007}
}

@article{gonthier2008formal,
  title={Formal proof--the four-color theorem},
  author={Gonthier, Georges and others},
  journal={Notices of the AMS},
  volume={55},
  number={11},
  pages={1382--1393},
  year={2008}
}

@book{dong2005chromatic,
  title={Chromatic polynomials and chromaticity of graphs},
  author={Dong, Fengming and Koh, Khee-Meng and Teo, Kee L},
  year={2005},
  publisher={World Scientific}
}

@article{francisco2011colorings,
  title={Colorings of hypergraphs, perfect graphs, and associated primes of powers of monomial ideals},
  author={Francisco, Christopher A and H{\`a}, Huy T{\`a}i and Van Tuyl, Adam},
  journal={Journal of Algebra},
  volume={331},
  number={1},
  pages={224--242},
  year={2011},
  publisher={Elsevier}
}

@article{buchberger2006bruno,
  title={Bruno Buchbergerâ€™s PhD thesis 1965: An algorithm for finding the basis elements of the residue class ring of a zero dimensional polynomial ideal},
  author={Buchberger, Bruno},
  journal={Journal of symbolic computation},
  volume={41},
  number={3-4},
  pages={475--511},
  year={2006},
  publisher={Elsevier}
}

@inproceedings{faugere2003algebraic,
  title={Algebraic cryptanalysis of hidden field equation (HFE) cryptosystems using Gr{\"o}bner bases},
  author={Faugere, Jean-Charles and Joux, Antoine},
  booktitle={Advances in Cryptology-CRYPTO 2003: 23rd Annual International Cryptology Conference, Santa Barbara, California, USA, August 17-21, 2003. Proceedings 23},
  pages={44--60},
  year={2003},
  organization={Springer}
}

@article{montes2002new,
  title={A new algorithm for discussing Gr{\"o}bner bases with parameters},
  author={Montes, Antonio},
  journal={Journal of Symbolic Computation},
  volume={33},
  number={2},
  pages={183--208},
  year={2002},
  publisher={Elsevier}
}

@ARTICLE{333885,
  author={Xuemin Chen and Reed, I.S. and Helleseth, T. and Truong, T.K.},
  journal={IEEE Transactions on Information Theory}, 
  title={Use of Grobner bases to decode binary cyclic codes up to the true minimum distance}, 
  year={1994},
  volume={40},
  number={5},
  pages={1654-1661},
  doi={10.1109/18.333885}}